<record><leader>00000cas a22000007a 4500</leader><controlfield tag="001">1767865</controlfield><controlfield tag="008">751101c19259999nduwr ne      0    0eng d</controlfield><controlfield tag="009">501</controlfield><datafield ind1=" " ind2=" " tag="010"><subfield code="a">sn 88076057 </subfield></datafield><datafield ind1=" " ind2=" " tag="040"><subfield code="a">MUL</subfield><subfield code="b">eng</subfield><subfield code="c">MUL</subfield><subfield code="d">NOP</subfield></datafield><datafield ind1="1" ind2=" " tag="029"><subfield code="a">AU@</subfield><subfield code="b">000025835194</subfield></datafield><datafield ind1=" " ind2=" " tag="042"><subfield code="a">msc</subfield></datafield><datafield ind1=" " ind2="4" tag="050"><subfield code="a">E75</subfield><subfield code="b">.T873</subfield></datafield><datafield ind1="0" ind2=" " tag="130"><subfield code="a">Turtle Mountain star (Rolla, N.D. : 1925)</subfield></datafield><datafield ind1="0" ind2="0" tag="245"><subfield code="a">Turtle Mountain star.</subfield></datafield><datafield ind1=" " ind2=" " tag="260"><subfield code="a">Rolla, N.D. :</subfield><subfield code="b">Wayne Peterson,</subfield></datafield><datafield ind1=" " ind2=" " tag="300"><subfield code="a">v. :</subfield><subfield code="b">ill. ;</subfield><subfield code="c">55 cm.</subfield></datafield><datafield ind1=" " ind2=" " tag="310"><subfield code="a">Weekly</subfield></datafield><datafield ind1="0" ind2=" " tag="362"><subfield code="a">Vol. 37, no. 13 (Dec. 10, 1925)-</subfield></datafield><datafield ind1=" " ind2=" " tag="500"><subfield code="a">"Official newspaper of Rolette County", Jan. 31, 1929- .</subfield></datafield><datafield ind1=" " ind2=" " tag="500"><subfield code="a">Special edition published: Rolla 75th Anniversary, June 27, 1963.</subfield></datafield><datafield ind1=" " ind2=" " tag="500"><subfield code="a">Special sections headed: "St. John clarion", Apr. 1, 1926-Jan.22, 1931; "Mylo times", May 13, 1926-Jan.22, 1931.</subfield></datafield><datafield ind1=" " ind2=" " tag="530"><subfield code="a">Available on microfilm from the State Historical Society of North Dakota.</subfield></datafield><datafield ind1=" " ind2=" " tag="752"><subfield code="a">United States</subfield><subfield code="b">North Dakota</subfield><subfield code="c">Rolette</subfield><subfield code="d">Rolla.</subfield></datafield><datafield ind1=" " ind2=" " tag="752"><subfield code="a">United States</subfield><subfield code="b">North Dakota</subfield><subfield code="c">Rolette</subfield><subfield code="d">St. John.</subfield></datafield><datafield ind1=" " ind2=" " tag="752"><subfield code="a">United States</subfield><subfield code="b">North Dakota</subfield><subfield code="c">Rolette</subfield><subfield code="d">Mylo.</subfield></datafield><datafield ind1="0" ind2="0" tag="780"><subfield code="t">Turtle Mountain star and Rolette County herald</subfield><subfield code="w">(DLC)sn 88076056</subfield></datafield><datafield ind1="0" ind2="5" tag="780"><subfield code="t">Dunseith journal</subfield><subfield code="w">(DLC)sn 88076497</subfield></datafield></record>